<?xml version="1.0" encoding="UTF-8"?><collection xmlns="http://www.loc.gov/MARC21/slim"><record><leader>00362nam--2200133-i-4500</leader><controlfield tag="001">000024044</controlfield><controlfield tag="002">20161230</controlfield><controlfield tag="005">20161230201035</controlfield><controlfield tag="008">060222s1000------------r-----000-0-eng-d</controlfield><datafield ind1=" " ind2=" " tag="080"><subfield code="a">620.91:621.311=03.83:20</subfield></datafield><datafield ind1=" " ind2=" " tag="245"><subfield code="a">Heat engineering</subfield></datafield><datafield ind1=" " ind2=" " tag="260"><subfield code="a">Moscow, Mir Publishers, 1980, 570 P. + Dif</subfield></datafield><datafield ind1=" " ind2=" " tag="700"><subfield code="a">Shvets, I.T., Neduzhy, I.A., Sheludko, I.M</subfield></datafield><datafield ind1=" " ind2=" " tag="852"><subfield code="a">49394</subfield></datafield></record></collection>